% Encoding: UTF-8

@InProceedings{Clebsch2015,
  author    = {Sylvan Clebsch and Sophia Drossopoulou and Sebastian Blessing and Andy McNeil},
  title     = {Deny capabilities for safe, fast actors},
  booktitle = {Proceedings of the 5th International Workshop on Programming Based on Actors, Agents, and Decentralized Control - {AGERE}! 2015},
  year      = {2015},
  publisher = {{ACM} Press},
  doi       = {10.1145/2824815.2824816},
}

@MastersThesis{Steed2016,
  author = {Steed, George and Drossopoulou, Sophia},
  title  = {A principled design of capabilities in Pony},
  school = {Imperial College London},
  year   = {2016},
}

@MastersThesis{Lietar2017,
  author = {Li{\'e}tar, Paul and Drossopoulou, Sophia},
  title  = {Formalizing Generics for Pony},
  school = {Imperial College London},
  year   = {2017},
}

@InProceedings{Canning1989,
  author    = {Peter Canning and William Cook and Walter Hill and Walter Olthoff and John C. Mitchell},
  title     = {F-bounded polymorphism for object-oriented programming},
  booktitle = {Proceedings of the fourth international conference on Functional programming languages and computer architecture - {FPCA} {\textquotesingle}89},
  year      = {1989},
  publisher = {{ACM} Press},
  doi       = {10.1145/99370.99392},
}

@Article{Cardelli1985,
  author    = {Luca Cardelli and Peter Wegner},
  title     = {On understanding types, data abstraction, and polymorphism},
  journal   = {{ACM} Computing Surveys},
  year      = {1985},
  volume    = {17},
  number    = {4},
  pages     = {471--523},
  month     = {dec},
  doi       = {10.1145/6041.6042},
  publisher = {Association for Computing Machinery ({ACM})},
}

@Article{Igarashi2001,
  author    = {Atsushi Igarashi and Benjamin C. Pierce and Philip Wadler},
  title     = {Featherweight Java: a minimal core calculus for Java and {GJ}},
  journal   = {{ACM} Transactions on Programming Languages and Systems},
  year      = {2001},
  volume    = {23},
  number    = {3},
  pages     = {396--450},
  month     = {may},
  doi       = {10.1145/503502.503505},
  publisher = {Association for Computing Machinery ({ACM})},
}

@Article{Greenman2014,
  author    = {Ben Greenman and Fabian Muehlboeck and Ross Tate},
  title     = {Getting F-bounded polymorphism into shape},
  journal   = {{ACM} {SIGPLAN} Notices},
  year      = {2014},
  volume    = {49},
  number    = {6},
  pages     = {89--99},
  month     = {jun},
  doi       = {10.1145/2666356.2594308},
  publisher = {Association for Computing Machinery ({ACM})},
}

@InCollection{Malayeria,
  author    = {Donna Malayeri and Jonathan Aldrich},
  title     = {Integrating Nominal and Structural Subtyping},
  booktitle = {{ECOOP} 2008 {\textendash} Object-Oriented Programming},
  publisher = {Springer Berlin Heidelberg},
  year      = {2008},
  pages     = {260--284},
  doi       = {10.1007/978-3-540-70592-5_12},
}

@Article{Kennedy2008,
  author  = {Kennedy, Andrew and Pierce, Benjamin},
  title   = {Abstract On Decidability of Nominal Subtyping with Variance},
  journal = {ACM},
  year    = {2008},
  month   = {12},
}

@InCollection{Bove2009,
  author    = {Ana Bove and Peter Dybjer},
  title     = {Dependent Types at Work},
  booktitle = {Language Engineering and Rigorous Software Development},
  publisher = {Springer Berlin Heidelberg},
  year      = {2009},
  pages     = {57--99},
  doi       = {10.1007/978-3-642-03153-3_2},
}

@Article{Amin2014,
  author    = {Nada Amin and Tiark Rompf and Martin Odersky},
  title     = {Foundations of path-dependent types},
  journal   = {{ACM} {SIGPLAN} Notices},
  year      = {2014},
  volume    = {49},
  number    = {10},
  pages     = {233--249},
  month     = oct,
  doi       = {10.1145/2714064.2660216},
  publisher = {Association for Computing Machinery ({ACM})},
}

@Book{PierceBenjaminC2002Tapl,
  title     = {Types and programming languages},
  publisher = {MIT Press},
  year      = {2002},
  author    = {Pierce, Benjamin C},
  address   = {Cambridge, Mass.},
  isbn      = {0262162091},
  keywords  = {Programming languages (Electronic computers)},
  language  = {eng},
}

@InCollection{Srinivasana,
  author    = {Sriram Srinivasan and Alan Mycroft},
  title     = {Kilim: Isolation-Typed Actors for Java},
  booktitle = {{ECOOP} 2008 {\textendash} Object-Oriented Programming},
  publisher = {Springer Berlin Heidelberg},
  year      = {2008},
  pages     = {104--128},
  doi       = {10.1007/978-3-540-70592-5_6},
}

@InProceedings{Gordon2012,
  author    = {Colin S. Gordon and Matthew J. Parkinson and Jared Parsons and Aleks Bromfield and Joe Duffy},
  title     = {Uniqueness and reference immutability for safe parallelism},
  booktitle = {Proceedings of the {ACM} international conference on Object oriented programming systems languages and applications - {OOPSLA} {\textquotesingle}12},
  year      = {2012},
  publisher = {{ACM} Press},
  doi       = {10.1145/2384616.2384619},
}

@InProceedings{Cook1990,
  author    = {William R. Cook and Walter Hill and Peter S. Canning},
  title     = {Inheritance is not subtyping},
  booktitle = {Proceedings of the 17th {ACM} {SIGPLAN}-{SIGACT} symposium on Principles of programming languages - {POPL} {\textquotesingle}90},
  year      = {1990},
  publisher = {{ACM} Press},
  doi       = {10.1145/96709.96721},
}

@Misc{Stroustrup,
  author       = {Bjarne Stroustrup},
  title        = {Bjarne Stroustrup's C++ Glossary},
  howpublished = {http://www.stroustrup.com/glossary.html},
  month        = oct,
  year         = {2012},
  note         = {Accessed 13/01/2019},
}

@Article{Wright1994,
  author    = {A.K. Wright and M. Felleisen},
  title     = {A Syntactic Approach to Type Soundness},
  journal   = {Information and Computation},
  year      = {1994},
  volume    = {115},
  number    = {1},
  pages     = {38--94},
  month     = {nov},
  doi       = {10.1006/inco.1994.1093},
  publisher = {Elsevier {BV}},
}

@InProceedings{Hewitt1973,
  author       = {Hewitt, Carl and Bishop, Peter and Steiger, Richard},
  title        = {A universal modular ACTOR formalism for artificial intelligence},
  booktitle    = {Proceedings of the 3rd international joint conference on Artificial intelligence},
  year         = {1973},
  pages        = {235--245},
  organization = {Morgan Kaufmann Publishers Inc.},
}

@InCollection{Boyland2001,
  author    = {John Boyland and James Noble and William Retert},
  title     = {Capabilities for Sharing},
  booktitle = {{ECOOP} 2001 {\textemdash} Object-Oriented Programming},
  publisher = {Springer Berlin Heidelberg},
  year      = {2001},
  pages     = {2--27},
  doi       = {10.1007/3-540-45337-7_2},
}

@InCollection{Cunningham2008,
  author    = {Dave Cunningham and Werner Dietl and Sophia Drossopoulou and Adrian Francalanza and Peter MÃ¼ller and Alexander J. Summers},
  title     = {Universe Types for Topology and Encapsulation},
  booktitle = {Formal Methods for Components and Objects},
  publisher = {Springer Berlin Heidelberg},
  year      = {2008},
  pages     = {72--112},
  doi       = {10.1007/978-3-540-92188-2_4},
}

@Misc{PonyWeb,
  title        = {What is Pony?},
  howpublished = {\url{https://www.ponylang.io/discover}},
  note         = {Accessed 23/01/2019},
}

@Misc{PonyTut,
  title        = {Pony Tutorial},
  howpublished = {\url{tutorial.ponylang.io}},
  note         = {Accessed 23/01/2019},
}

@Comment{jabref-meta: databaseType:bibtex;}
